<record><leader>00000cas a22000007a 4500</leader><controlfield tag="001">11980006</controlfield><controlfield tag="008">850430d18401840ohudn ne      0    0eng d</controlfield><datafield ind1=" " ind2=" " tag="010"><subfield code="a">sn 85025903 </subfield></datafield><datafield ind1=" " ind2=" " tag="040"><subfield code="a">NPX</subfield><subfield code="b">eng</subfield><subfield code="c">NPX</subfield><subfield code="d">DLC</subfield><subfield code="d">ONP</subfield><subfield code="d">OCLCQ</subfield><subfield code="d">OCLCO</subfield></datafield><datafield ind1=" " ind2=" " tag="042"><subfield code="a">msc</subfield></datafield><datafield ind1="0" ind2="0" tag="050"><subfield code="a">Newspaper 9214-X</subfield></datafield><datafield ind1="0" ind2="0" tag="245"><subfield code="a">Daily political tornado.</subfield></datafield><datafield ind1="1" ind2="0" tag="246"><subfield code="a">Daily antidote and political tornado</subfield></datafield><datafield ind1="1" ind2="3" tag="246"><subfield code="a">Daily antidote &amp; political tornado</subfield></datafield><datafield ind1=" " ind2=" " tag="260"><subfield code="a">Columbus, Ohio :</subfield><subfield code="b">Published by the editors of the Straight-out Harrisonian,</subfield><subfield code="c">1840.</subfield></datafield><datafield ind1=" " ind2=" " tag="300"><subfield code="a">v. ;</subfield><subfield code="c">31 cm.</subfield></datafield><datafield ind1=" " ind2=" " tag="310"><subfield code="a">Daily (except Sun.)</subfield></datafield><datafield ind1="0" ind2=" " tag="362"><subfield code="a">No. 1 (Oct. 6, 1840)-no. 26 (Nov. 11, 1840).</subfield></datafield><datafield ind1=" " ind2=" " tag="500"><subfield code="a">Prospectus title: Daily antidote &amp; political tornado.</subfield></datafield><datafield ind1=" " ind2=" " tag="500"><subfield code="a">Published from same office: Daily review &amp; transcript.</subfield></datafield><datafield ind1=" " ind2=" " tag="500"><subfield code="a">Published in political opposition to: Extra Ohio statesman (Columbus, Ohio : 1840).</subfield></datafield><datafield ind1=" " ind2=" " tag="500"><subfield code="a">"Whig campaign paper." Cf. Gutgesell, S. Guide to Ohio newspapers, 1974.</subfield></datafield><datafield ind1=" " ind2=" " tag="500"><subfield code="a">Editor: Rufus B. Sage.</subfield></datafield><datafield ind1="0" ind2="0" tag="630"><subfield code="a">Extra Ohio statesman (Columbus, Ohio : 1840)</subfield></datafield><datafield ind1="2" ind2=" " tag="710"><subfield code="a">Whig Party (Ohio)</subfield></datafield><datafield ind1=" " ind2=" " tag="752"><subfield code="a">United States</subfield><subfield code="b">Ohio</subfield><subfield code="c">Franklin</subfield><subfield code="d">Columbus.</subfield></datafield></record>